@article{greenberg08cost,
  title={The cost of a cloud: research problems in data center networks},
  author={Greenberg, Albert and Hamilton, James and Maltz, David A and Patel, Parveen},
  journal={ACM SIGCOMM computer communication review},
  volume={39},
  number={1},
  pages={68--73},
  year={2008},
}

@incollection{foster03death,
  title={On death, taxes, and the convergence of peer-to-peer and grid computing},
  author={Foster, Ian and Iamnitchi, Adriana},
  booktitle={Peer-to-Peer Systems II},
  pages={118--128},
  year={2003},
  publisher={Springer}
}

@article{krauter02taxonomy,
  title={A taxonomy and survey of grid resource management systems for distributed computing},
  author={Krauter, Klaus and Buyya, Rajkumar and Maheswaran, Muthucumaru},
  journal={Software---Practice and Experience},
  volume={32},
  number={2},
  pages={135--64},
  year={2002}
}

@article{buyya02economic,
  title={Economic-based distributed resource management and scheduling for grid computing},
  author={Buyya, Rajkumar},
  note={available as arXiv preprint cs/0204048},
  year={2002},
  school = "School of Computer Science and Software Engineering, Monash University",
}

@article{pal13economic,
  title={Economic models for cloud service markets: Pricing and capacity planning},
  author={Pal, Ranjan and Hui, Pan},
  journal={Theoretical Computer Science},
  volume={496},
  pages={113--124},
  year={2013},
  publisher={Elsevier}
}

@incollection{miller88markets,
 title = "Markets and Computation: Agoric Open Systems",
 author = "Mark S. Miller and K. Eric Drexler",
 editor = "Bernardo Huberman",
 booktitle = "The Ecology of Computation",
 year = "1988",
 publisher = "Elsevier",
 note = "available at \url{http://e-drexler.com/d/09/00/AgoricsPapers/agoricpapers.html}",
}

@incollection{miller88incentive,
 title = "Incentive Engineering: for Computational Resource Management",
 author = "Mark S. Miller and K. Eric Drexler",
 editor = "Bernardo Huberman",
 booktitle = "The Ecology of Computation",
 year = "1988",
 publisher = "Elsevier",
 note = "available at \url{http://e-drexler.com/d/09/00/AgoricsPapers/agoricpapers.html}",
}

@inproceedings{cameron15judgment,
 title = "The Judgment of {F}orseti: Economic Utility for Dynamic Heap Sizing of Multiple Runtimes",
 author = "Callum Cameron and Jeremy Singer and David Vengerov",
 booktitle = "Proc.\ International Symposium on Memory Management",
 year = "2015",
 doi = "10.1145/2754169.2754180",
}

@inproceedings{singer10economics,
 author = {Singer, Jeremy and Jones, Richard E. and Brown, Gavin and Luj\'{a}n, Mikel},
 title = {The Economics of Garbage Collection},
 booktitle = {Proc.\ International Symposium on Memory Management},
 year = {2010},
 pages = {103--112},
}

@inproceedings{anderson04boinc,
  title={Boinc: A system for public-resource computing and storage},
  author={Anderson, David P},
  booktitle={Grid Computing, 2004. Proceedings. Fifth IEEE/ACM International Workshop on},
  pages={4--10},
  year={2004},
}

@inproceedings{anderson06computational,
  title={The computational and storage potential of volunteer computing},
  author={Anderson, David P and Fedak, Gilles},
  booktitle={Cluster Computing and the Grid, 2006. CCGRID 06. Sixth IEEE International Symposium on},
  volume={1},
  pages={73--80},
  year={2006},
}

@inproceedings{barker14academic,
 author = {Barker, Adam and Varghese, Blesson and Ward, Jonathan Stuart and Sommerville, Ian},
 title = {Academic Cloud Computing Research: Five Pitfalls and Five Opportunities},
 booktitle = {Proceedings of the 6th USENIX Conference on Hot Topics in Cloud Computing},
 year = {2014},
 pages = {2--2},
} 

@inproceedings{tso13glasgow,
  title={The Glasgow Raspberry Pi cloud: A scale model for cloud computing infrastructures},
  author={Tso, Fung Po and White, David R and Jouet, Simon and Singer, Jeremy and Pezaros, Dimitrios P},
  booktitle={Distributed Computing Systems Workshops (ICDCSW), 2013 IEEE 33rd International Conference on},
  pages={108--112},
  year={2013},
}

@article{armbrust2010view,
  title={A view of cloud computing},
  author={Armbrust, Michael and Fox, Armando and Griffith, Rean and Joseph, Anthony D and Katz, Randy and Konwinski, Andy and Lee, Gunho and Patterson, David and Rabkin, Ariel and Stoica, Ion and others},
  journal={Communications of the ACM},
  volume={53},
  number={4},
  pages={50--58},
  year={2010},
}

@misc{rightscale,
 title = "Cloud Computing Trends: 2015 State of the Cloud Survey",
 author = {{RightScale}},
 year = "2015",
 note = "\url{http://www.rightscale.com/blog/cloud-industry-insights/cloud-computing-trends-2015-state-cloud-survey}",
}

@incollection{martino15cross,
  title={Cross-Platform Cloud {API}s},
  author={Di Martino, Beniamino and Cretella, Giuseppina and Esposito, Antonio},
  booktitle={Cloud Portability and Interoperability},
  pages={45--57},
  year={2015},
  publisher={Springer}
}

@article{cox14low,
year={2014},
journal={Cluster Computing},
volume={17},
number={2},
title={Iridis-pi: a low-cost, compact demonstration cluster},
author={Cox, Simon J. and Cox, James T. and Boardman, Richard P. and Johnston, Steven J. and Scott, Mark and O'Brien, Neil S.},
pages={349--358},
}
